@misc{Dhariwal_Kingma_2018,
url={https://openai.com/research/glow},
journal={Glow: Better reversible generative models},
publisher={OpenAI},
author={Dhariwal, Prafulla and Kingma, Durk},
year={2018},
month={7}}